<?xml version="1.0" encoding="UTF-8"?><collection xmlns="http://www.loc.gov/MARC21/slim"><record><leader>00357nam--2200133-i-4500</leader><controlfield tag="001">000021042</controlfield><controlfield tag="002">20161230</controlfield><controlfield tag="005">20161230201034</controlfield><controlfield tag="008">060222s1000------------r-----000-0-eng-d</controlfield><datafield ind1=" " ind2=" " tag="080"><subfield code="a">55(437)</subfield></datafield><datafield ind1=" " ind2=" " tag="100"><subfield code="a">Chlupac, Ivo</subfield></datafield><datafield ind1=" " ind2=" " tag="245"><subfield code="a">Geology of the barradian. a field trip guide</subfield></datafield><datafield ind1=" " ind2=" " tag="260"><subfield code="a">Frankfurt Am Maine, Verlag Waldemar Kramer, 1993. 163 P</subfield></datafield><datafield ind1=" " ind2=" " tag="852"><subfield code="a">81023</subfield></datafield></record></collection>